<collection xmlns='http://www.loc.gov/MARC21/slim' xmlns:xsi='http://www.w3.org/2001/XMLSchema-instance' xsi:schemaLocation='http://www.loc.gov/standards/marcxml/schema/MARC21slim.xsd'>
  <record xmlns="http://www.loc.gov/MARC21/slim">
    <leader>00000ntm a2200000Ia 4500</leader>
    <controlfield tag="001">on1131820183</controlfield>
    <controlfield tag="008">191218q18001850tu p         m000 0 ara d</controlfield>
    <datafield tag="040" ind1=" " ind2=" ">
      <subfield code="a">PLF</subfield>
      <subfield code="b">eng</subfield>
      <subfield code="e">amremm</subfield>
      <subfield code="c">PLF</subfield>
    </datafield>
    <datafield tag="035" ind1=" " ind2=" ">
      <subfield code="a">(PLF)2522992</subfield>
    </datafield>
    <datafield tag="041" ind1="0" ind2=" ">
      <subfield code="a">ara</subfield>
      <subfield code="a">ota</subfield>
    </datafield>
    <datafield tag="099" ind1=" " ind2=" ">
      <subfield code="a">Lewis O 160</subfield>
    </datafield>
    <datafield tag="049" ind1=" " ind2=" ">
      <subfield code="a">PLFF</subfield>
    </datafield>
    <datafield tag="245" ind1="0" ind2="0">
      <subfield code="a">[Devotional book].</subfield>
    </datafield>
    <datafield tag="260" ind1=" " ind2=" ">
      <subfield code="a">[Turkey?],</subfield>
      <subfield code="c">[between 1800 and 1850?]</subfield>
    </datafield>
    <datafield tag="300" ind1=" " ind2=" ">
      <subfield code="a">59 leaves :</subfield>
      <subfield code="b">paper, illuminations ;</subfield>
      <subfield code="c">135 x 91 (86 x 46) mm bound to 135 x 95 mm.</subfield>
    </datafield>
    <datafield tag="500" ind1=" " ind2=" ">
      <subfield code="a">Ms. codex.</subfield>
    </datafield>
    <datafield tag="520" ind1=" " ind2=" ">
      <subfield code="a">Devotional book containing selections from the Qurʼān followed by prayers; several full page illuminations in polychrome and gold.</subfield>
    </datafield>
    <datafield tag="546" ind1=" " ind2=" ">
      <subfield code="a">Arabic with some explanations in Ottoman Turkish.</subfield>
    </datafield>
    <datafield tag="500" ind1=" " ind2=" ">
      <subfield code="a">Title supplied by cataloger.</subfield>
    </datafield>
    <datafield tag="500" ind1=" " ind2=" ">
      <subfield code="a">Foliation: Modern Western foliation added in pencil, upper left recto; catchwords each verso, lower left.</subfield>
    </datafield>
    <datafield tag="500" ind1=" " ind2=" ">
      <subfield code="a">Layout: Written in 7 long lines; border-ruled.</subfield>
    </datafield>
    <datafield tag="500" ind1=" " ind2=" ">
      <subfield code="a">Script:  Written in clear naskh in black ink; pointed, vocalized.</subfield>
    </datafield>
    <datafield tag="500" ind1=" " ind2=" ">
      <subfield code="a">Decoration: Dual-page first opening with a purple and white textblock border and an outside decorative border in red and blue with some gold (f. 1v-2r); rectangular text division markers chiefly with green, blue, or pink outside lining and gold and polychrome fill (see. f. 43v-44r for examples); table layout with names (f. 51r, 52r-52v); polychrome illuminations (f. 53r, 54v-55r); textblock border-ruled in red; rubrications in red.</subfield>
    </datafield>
    <datafield tag="500" ind1=" " ind2=" ">
      <subfield code="a">Binding: Red leather over pasteboard with flap (Type II); gilded inlay central mandorla with coordinating flap inlay and blind-tooled frame; leaf and flower painted paper doublure in dark red and yellow.</subfield>
    </datafield>
    <datafield tag="500" ind1=" " ind2=" ">
      <subfield code="a">Origin: The item is undated, perhaps produced in the first half of the 19th century.</subfield>
    </datafield>
    <datafield tag="630" ind1="0" ind2="0">
      <subfield code="a">Qurʼan.</subfield>
      <subfield code="k">Selections.</subfield>
    </datafield>
    <datafield tag="650" ind1=" " ind2="0">
      <subfield code="a">Islam</subfield>
      <subfield code="v">Prayers and devotions.</subfield>
    </datafield>
    <datafield tag="650" ind1=" " ind2="0">
      <subfield code="a">Prayer</subfield>
      <subfield code="x">Islam.</subfield>
    </datafield>
    <datafield tag="650" ind1=" " ind2="0">
      <subfield code="a">Manuscripts, Arabic</subfield>
      <subfield code="y">19th century.</subfield>
    </datafield>
    <datafield tag="650" ind1=" " ind2="0">
      <subfield code="a">Manuscripts, Turkish</subfield>
      <subfield code="y">19th century.</subfield>
    </datafield>
    <datafield tag="655" ind1=" " ind2="7">
      <subfield code="a">Codices (bound manuscripts)</subfield>
      <subfield code="2">aat</subfield>
    </datafield>
    <datafield tag="655" ind1=" " ind2="7">
      <subfield code="a">Illuminations.</subfield>
      <subfield code="2">aat</subfield>
    </datafield>
    <datafield tag="655" ind1=" " ind2="7">
      <subfield code="a">Prayers.</subfield>
      <subfield code="2">aat</subfield>
    </datafield>
    <datafield tag="655" ind1=" " ind2="7">
      <subfield code="a">Full covers.</subfield>
      <subfield code="2">lobt</subfield>
    </datafield>
    <datafield tag="655" ind1=" " ind2="7">
      <subfield code="a">Envelope flaps (features)</subfield>
      <subfield code="2">lobt</subfield>
    </datafield>
    <datafield tag="655" ind1=" " ind2="7">
      <subfield code="a">Inlays (decorative components)</subfield>
      <subfield code="2">lobt</subfield>
    </datafield>
    <datafield tag="710" ind1="2" ind2=" ">
      <subfield code="a">Free Library of Philadelphia.</subfield>
      <subfield code="b">Rare Book Department.</subfield>
      <subfield code="b">John Frederick Lewis Collection of Oriental Manuscripts.</subfield>
    </datafield>
    <datafield tag="856" ind1="4" ind2="1">
      <subfield code="z">Digital facsimile in OPenn</subfield>
      <subfield code="u">http://openn.library.upenn.edu/Data/0023/html/lewis_o_160.html</subfield>
    </datafield>
    <datafield tag="852" ind1=" " ind2=" ">
      <subfield code="b">Rare Book Department</subfield>
      <subfield code="a">Free Library of Philadelphia</subfield>
      <subfield code="e">Philadelphia</subfield>
      <subfield code="u">https://know.freelibrary.org/Record/2522992</subfield>
    </datafield>
    <datafield tag="955" ind1=" " ind2=" ">
      <subfield code="a">Gift of Anne Baker Lewis in 1933.</subfield>
    </datafield>
  </record></collection>